@inproceedings{vaswani17,
  author       = "Ashish Vaswani and Noam Shazeer and Niki Parmar and 
                  Jakob Uszkoreit and Llion Jones and Aidan N. Gomez and 
                  {\L ukasz} Kaiser and Illia Polosukhin",
  title        = "Attention Is All You Need",
  booktitle    = "31st Conference on Neural Information Processing Systems",
  address      = "Long Beach, CA",
  pages        = "1--11",
  year         = 2017} 


@inproceedings{kamble19,
  author       = "Megha Kamble and Sudeshna Ghosh and Anmol Singh",
  editor       = " Shailesh Tiwari and K. K. Mishra  and Nitin Singh and Erma Suryani and Andrew Keong Ng",
  title        = "{NWP} Models Combined with Ensemble Models for Hourly Estimation of Global Solar Irradiance",
  booktitle    = "Proceedings of International Conference on Big Data, Machine Learning and their Applications",
  address      = "Prayagraj, India",
  pages        = "13--23",
  year         = 2019} 


@article{srivastava14,
  author       = "N. Srivastava and G. Hinton and A. Krizhevsky and I. Sutskever and R. Salakhutdinov",
  title        = "Dropout: A Simple Way to Prevent Neural Networks from Overfitting",
  journal      = "Journal of Machine Learning Research",
  volume       = 15,
  pages        = "1929--1958",
  year         = 2014}

@article{schuster97,
  author       = "M. Schuster and K. K. Paliwal",
  title        = "Bidirectional Re-current Neural Networks",
  journal      = "IEEE Transactions on Signal Processing",
  volume       = "no. 45",
  pages        = "2673--2681",
  year         = 1997}

@article{hinton12, 
author     = "Geoffrey E. Hinton and Nitish Srivastava and Alex Krizhevsky and Ilya Sutskever and Ruslan R. Salakhutdinov",
title      = "Improving neural networks by preventing co-adaptation of feature detectors",
journal    = "arXiv:1207.0580v1",
volume     = "[cs.NE]",
pages      = "1--18",
year       = 2012}

@book{goodfellow16,
  author       = "I. J. Goodfellow and Y. Bengio and A. Courville", 
  title        = "Deep Learning", 
  publisher    = "MIT Press", 
  address      = "Cambridge, MA",
  year         = 2016}

@article{azlan19,
  author       = "A. Azlan and Y. Yusof and M. F. M. Mohsin",
  title        = "Determining the impact of window length on time series forecasting using deep learning",
  journal      = "International Journal of Advanced Computer Research",
  volume       = "9",
  number       = 44,
  pages        = "260--267",
  year         = 2019}


@article{chang18,
  author       = "[8]Yen-Yu Chang and Fan-Yun Sun and Yueh-Hua Wu and Shou-De Lin",
  title        = "A Memory-Network Based Solution for Multivariate Time-Series Forecasting",
  journal      = "arXiv:1809.02105",
  volume       = "[cs.LG]",
  pages        = "1--8",
  year         = 2018}


@article{chang18AAAAI,
  author       = "Yen-Yu Chang and Fan-Yun Sun and Yueh-Hua Wu and Shou-De Lin",
  title        = "A Memory-Network Based Solution for Multivariate Time-Series Forecasting",
  journal      = "arXiv:1809.02105 published later in Association for the Advancement of Artificial Intelligence",
  volume       = "[cs.LG]",
  pages        = "1--8",
  year         = 2018}


@book{rosen19,
  author       = "K. H. Rosen",
  title        = "Discrete Mathematics and Its Applications",
  edition      = 8,
  publisher    = "McGraw-Hill Education",
  address      = "New York, NY",
  pages        = "405--461",
  year         = 2019}

@article{cho14,
  author       = "Kyunghyun Cho and Bart {van Merrienboer} and Dzmitry Bahdanau and Yoshua Bengio",
  title        = "On the properties of neural machine translation: Encoder-decoder approaches",
  journal      = "arXiv:1409.1259",
  volume       = "[cs.CL]",
  pages        = "1--9",
  year         = 2014}

@article{ross21,
  author       = "Philip Ross and Kasia Maynard",
  title        = "Towards a 4th Industrial Revolution",
  journal      = "Intelligent Buildings International",
  volume       = 13,
  number       = 3,
  pages        = "1--4",
  year         = 2021}

@article{najafabadi15,
  author       = "[15]Maryam M Najafabadi and Flavio Villanustre and Taghi M Khoshgoftaar 
                  and Naeem Seliya and Randall Wald and Edin Muharemagic", 
  title        = "Deep Learning Applications and Challenges in Big Data Analytics",
  journal      = "Journal of Big Data",
  volume       = 2,
  number       = 1,
  pages        = "1--21",
  year         = 2015}

@article{bergstra15,
  author       = "[16]James Bergstra and Yoshua Bengio", 
  title        = "Random Search for Hyper-Parameter Optimization",
  journal      = "Journal of Machine Learning Research",
  volume       = 13,
  number       = 1,
  pages        = "281--305",
  year         = 2015}

@article{probst19,
  author       = "Philipp Probst and Anne-Laure Boulesteix and Bernd Bischl",
  title        = "Tunability: Importance of Hyperparameters of Machine Learning Algorithms",
  journal      = "Journal of Machine Learning Research",
  volume       = 20,
  number       = 1,
  pages        = "1--32",
  year         = 2019}

@misc{lane15,
  author       = "Hobson Lane",
  title        = "How to choose the number of hidden layers and nodes in a feedforward neural network",
  howpublished = "URL \url{https://stats.stackexchange.com/users/15974/hobs}",
  year         = 2015}


@article{hossin15,
author     = "Mohammad Hossin and Mohammad N. Sulaiman",
title      = "A Review on Evaluation Metrics for Data Classification Evaluations",
journal    = "Int. Journal of Data Mining \& Knowledge Management Processing",
volume     = 5,
number     = 2,
pages      = "1--12",
year       = 2015}


@article{sengupta96,
author     = "Jati K. Sengupta",
title      = "Theory of systems efficiency: models and applications---a review",
journal    = "International Journal of Systems Science",
volume     = 27,
number     = 3,
pages      = "179--215",
year       = 1996}

@article{bathaee18,
author     = "Yavar Bathaee",
title      = "The Artificial Intelligence Black Box and the Failure of Intent 
              and Causation",
journal    = "Harvard Journal of Law \& Technology",
volume     = 31,
number     = 2,
pages      = "890--938",
year       = 2018}

@article{chai14,
author     = "Tian-Feng Chai and Roland R. Draxler",
title      = "Root mean square error ({RMSE}) or mean absolute error ({MAE})?---Arguments 
              against avoiding {RMSE} in the literature",
journal    = "Geoscientific Model Development",
volume     = 7,
pages      = "1247--1250",
year       = 2014}

@inproceedings{wei19,
  author       = "W. Wei and H. Wu and H. Ma",
  title        = "An AutoEncoder and {LSTM}-Based Traffic Flow Prediction Method",
  booktitle    = "Sensors",
  address      = "Beijing",
  pages        = "1--16",
  year         = 2016}

@article{bai18,
author     = "Bai, S. and Kolter, J.Z. and Koltun, V.",
title      = "An empirical evaluation of generic convolutional and recurrent networks for sequence modeling",
journal    = "arXiv:1803.01271v2",
volume     = "[cs.LG]",
pages      = "1--14",
year       = 2018}

@inproceedings{bai19,
  author       = "S. Bai and J. Z. Kolter and V. Koltun",
  title        = "Deep Equilibrium Models",
  booktitle    = "33rd Conference on Neural Information Processing Systems (NeurIPS 2019)",
  address      = "Vancouver",
  pages        = "1--16",
  year         = 2019}

@article{chalvatzisa19,
  author       = "C. Chalvatzisa and D. Hristu-Varsakelis",
  title        = "High-performance stock index trading: making effective use of a deep long short-term memory network",
  journal      = "arXiv:1902.03125",
  volume       = "[q-fin.ST]",
  pages        = "1--30",
  year         = 2019}

@article{doshi-velez17,
  author       = "F. Doshi-Velez and B. Kim",
  title        = "Towards A Rigorous Science of Interpretable Machine Learning",
  journal      = "arXiv:1702.08608",
  volume       = "[stat.ML]",
  pages        = "1--13",
  year         = 2017}

@article{glenski19,
  author       = "M. Glenski and T. Weninger and V. Volkova",
  title        = "Improved Forecasting of Cryptocurrency Price Using Social Signals",
  journal      = "arXiv:1907.00558",
  volume       = "[q-fin.ST]",
  pages        = "1--11",
  year         = 2019}

@inproceedings{huang19,
  author       = "S. Huang and D. Wang and  X. Wu and A. Tang",
  title        = "{DSAN}et: {D}ual Self-Attention Network for Multivariate Time Series Forecasting",
  booktitle    = "CIKM â€™19",
  address      = "Beijing",
  pages        = "2129--2132",
  year         = 2019}

@article{makinen18,
  author       = "Milla M{\"{a}}kinen and Juho Kanniainen and Moncef Gabbouj and Alexandros Iosifidis",
  title        = "Forecasting of Jump Arrivals in Stock Prices: New Attention-based Network Architecture using Limit Order Book Data",
  journal      = "arXiv:1810.10845",
  volume       = "[q-fin.TR]",
  pages        = "1--29",
  year         = 2018}

@article{qin19,
  author       = "Hongqian Qin",
  title        = "Comparison Of Deep Learning Models On Time Series Forecasting: A Case Study Of Dissolved Oxygen Prediction",
  journal      = "arXiv:1911.08414",
  volume       = "[eess.SP]",
  pages        = "1--16",
  year         = 2019}

@article{sardelicha18,
  author       = "M. Sardelicha and S. Manandhar",
  title        = "Multimodal deep learning for short-term stock volatility prediction",
  journal      = "arXiv:1812.10479",
  volume       = "[q-fin.ST]",
  pages        = "1--40",
  year         = 2018}

@book{schwab17,
  author       = "K. Schwab",
  title        = "The Fourth Industrial Revolution",
  publisher    = "Crown Business",
  address      = "New York, NY",
  year         = 2017}


@article{moher09,
  author       = "D. Moher and A. Liberati and J. Tetzlaff and D. G. Altman",
  title        = "Preferred reporting items for systematic reviews and meta-analyses: the {PRISMA} statement",
  journal      = "Epub",
  address      = "",
  pages        = "123--130",
  year         = 2009}


@article{lee18,
  author       = "J. Lee and H. Davari and J. Singh and V. Pandhare",
  title        = "Industrial Artificial Intelligence for industry 4.0-based manufacturing systems",
  journal      = "Manufacturing Letters",
  volume       = "18",
  pages        = "20--23",
  year         = 2018}

@article{souma19,
  author       = "Wataru Souma and Irena Vodenska and Hideaki Aoyama",
  title        = "Enhanced news sentiment analysis using deep learning methods",
  journal      = "Journal of Computational Social Science",
  volume       = "2",
  pages        = "33--46",
  year         = 2019}
@inproceedings{myat20,
  author       = "K. M. Myat and S. S. M. Win",
  title        = "Analysis of Outlier Detection on Structured Data",
  booktitle    = "Proceedings of 2020 the 10th International Workshop on Computer Science and Engineering",
  address      = "Yangon, Myanmar",
  pages        = "16--21",
  year         = 2020}


@article{xiao18,
  author       = "J. Xiao and H. Li and X. Wang and S. Yuan",
  title        = "Traffic Peak Period Detection from an Image Processing View",
  journal      = "Journal of Advanced Transportation",
  volume       = "2018",
  pages        = "1--10",
  year         = 2018}

@article{sarmah19,
  author       = "S. S. Sarmah",
  title        = "Concept of Artificial Intelligence, its Impact and Emerging Trends",
  journal      = "International Research Journal of Engineering and Technology",
  volume       = "6",
  number       = 11,
  pages        = "2164--2019",
  year         = 2019}
	
@article{kuleshov18,
  author       = "V. Kuleshov and N. Fenner and S. Ermon",
  title        = "Accurate uncertainties for deep learning using calibrated regression",
  journal      = "arXiv:1807.00263",
  volume       = "[cs.LG]",
  pages        = "1--9",
  year         = 2018}

@inproceedings{banday19,
  author       = "Banday, M. Tariq and Sultan, Ishfaq and Javeed Iqbal Reshi",
  title        = "Opportunities to Address Security Challenges on the {IoT} Node Side",
  booktitle    = "13th Jammu and Kashmir Science Congress",
  address      = "Srinagar, India",
  pages        = "707",
  year         = 2019}



@article{willmott09,
  author       = "Cort J. Willmott and Kenji Matsuura and Scott M. Robeson",
  title        = "Ambiguities inherent in sums-of-squares-based error statistics",
  journal      = "Atmospheric Environment",
  volume       = 43,
  pages        = "749--752",
  year         = 2009}

@article{maggiolo19,
  author       = "Matteo Maggiolo and Gerasimos Spanakis",
  title        = "Autoregressive Convolutional Recurrent Neural Network 
                  for Univariate and Multivariate Time Series Prediction",
  journal      = "arXiv:1903.02540v1",
  volume       = "[cs.LG]",
  pages        = "1--8",
  year         = 2019}

@article{liu18,
  author       = "Jun Liu and Tong Zhang and Guangjie Han and Yu Gou",
  title        = "{TD-LSTM}: {T}emporal Dependence-Based {LSTM} Networks 
                  for Marine Temperature Prediction ",
  journal      = "Sensors",
  volume       = 18,
  number       = 3697,
  pages        = "1--13",
  year         = 2018}



@article{li19,
  author       = "Adriana-Simona Mihaita and Haowen Li and Zongyang He and Marian-Andrei Rizoiu",
  title        = "Motorway Traffic Flow Prediction using Advanced Deep Learning",
  journal      = "arXiv:1907.06356v3",
  volume       = "[cs.LG]",
  pages        = "1--10",
  year         = 2018}

@book{bolon-canedo15,
  author       = "Ver{\'{o}}nica Bol{\'{o}}n-Canedo and 
                  Noelia SÃ¡nchez-Maro{\~{n}}o and Amparo Alonso-Betanzos",
  title        = "Feature Selection for High-Dimensional Data",
  publisher    = "Springer",
  address      = "Switzerland",
  year         = 2015}


@article{bandara19,
  author       = "Danushka Bandarai and Leanne Hirshfield and Senem Velipasalar",
  title        = "Classification of affect using deep learning on brain blood flow data",
  journal      = "Journal of Near Infrared Spectroscopy",
  volume       = 27, 
  number       = 3,
  pages        = "206--219", 
  year         = 2019}


@article{liervik21, 
  author       = "Thomas Leirvik and Menghan Yuan",
  title        = "A Machine Learning Technique for Spatial Interpolation 
                  of Solar Radiation Observations",
  journal      = "Earth and Space Science",
  volume       = 8, 
  pages        = "1--22", 
  year         = 2021}

@article{bao17, 
  author       = "Wei Bao and Jun Yue and Yulei Rao",
  title        = "A deep learning framework for financial time
                  series using stacked autoencoders and long-
                  short term memory",
  journal      = "PLoS ONE",
  volume       = 12, 
  number       = 7,
  pages        = "1--24", 
  year         = 2017}

@article{zhou19, 
  author       = "Feng Zhou and Hao-min Zhou and Zhihuai Yang and Lihua Yang",
  title        = "{EMD2FNN}: A strategy combining empirical mode decomposition and
                  factorization machine based neural network for stock market 
                  trend prediction",
  journal      = "Expert Systems with Applications",
  volume       = 115, 
  pages        = "136--151", 
  year         = 2019}

